@article{principles,
    author    = "Kohler, Bert-Uwe and Hennig, Carsten",
    title     = "The Principles of Software QRS Detection",
    journal   = "IEEE Engineering in Medicine and Biology",
    year      = "2002",
}

@article{rivas,
    author    = "Gutiérrez-Rivas, Raquel and Garcìa, Jesùs and Marnane, William P. and Hernàndez, Alvaro ",
    title     = "Novel Real-Time Low-Complexity QRS Complex Detector Based on Adaptive Thresholding",
    journal   = "IEEE Sensors Journal",
    volume   = "15",
    number   = "10",
    pages    = "6036--6043",
    year      = "2015",
    month    = "October",
}
@article{pan,
    author    = "Pan, Jiapu and Tompkins, Willis J.",
    title     = "A Real-Time QRS Detection Algorithm",
    journal   = "IEEE Transactions on Biomedical Engineering",
    volume   = "BME-32",
    number   = "3",
    pages    = "230--236",
    year      = "1985",
    month    = "March",
}
@misc{hooman,
      author = "Sedghamiz, Hooman",
      title = "Complete Pan Tompkins Implementation ECG QRS detector",
      month = "March",
      year = "2014",
      url = "http://www.mathworks.com/matlabcentral/fileexchange/45840-complete-pan-tompkins-implementation-ecg-qrs-detector"
}
@article{mit,
        author = "GB, Moody and RG, Mark",
        title = {The impact of the MIT-BIH Arrhythmia Database},
        journal = {IEEE Eng in Med and Biol},
        volume = "20",
        number = "3",
        pages = "45--50",
        month = "May-June",
        year = "2001",
}

@misc{physionet,
        author = "Goldberger, AL and Amaral, LAN and Glass, L and Hausdorff, JM and Ivanov, PCh and Mark, RG and Mietus, JE and Moody, GB and Peng, C-K and Stanley, HE",
        title = {PhysioBank, PhysioToolkit, and PhysioNet: Components of a New Research Resource for Complex Physiologic Signals},
        url = "http://circ.ahajournals.org/cgi/content/full/101/23/e215",
        year = "2000",
        month = "June",
}

